@book{20,
 title = {Controlling Zeitschrift f{\"u}r erfolgsorientierte Unternehmenssteuerung}
}


@article{Archer1999,
 abstract = {Determines the selection process of the project portfolio by developing a framework which separates the work into distinct stages. Techniques that can be used to evaluate portfolios; Propositions for project portfolio selection; Classes of portfolio selection techniques.},
 author = {Archer, N.P and Ghasemzadeh, F.},
 year = {1999},
 title = {An integrated framework for project portfolio selection},
 keywords = {INVESTMENTS;INDUSTRIAL management},
 pages = {207--216},
 volume = {17},
 number = {4},
 issn = {02637863},
 journal = {International Journal of Project Management}
}


@book{Bergmann&Garrecht2008,
 author = {Bergmann, Rainer and Garrecht, Martin},
 year = {2008},
 title = {Organisation und Projektmanagement},
 address = {Heidelberg},
 publisher = {Physica-Verlag Heidelberg},
 isbn = {978-3-7908-2017-1}
}


@book{Fiedler2008,
 author = {Fiedler, Rudolf},
 year = {2008},
 title = {Controlling von Projekten: Mit konkreten Beispielen aus der Unternehmenspraxis - alle Aspekte der Projektplanung, Projektsteuerung und Projektkontrolle},
 address = {Wiesbaden},
 edition = {4.},
 publisher = {Vieweg},
 isbn = {978-3-8348-0375-7}
}


@incollection{Foschiani1999,
 author = {Foschiani, Stefan},
 title = {Controlling-Wissen - Multiprojektcontrolling von Strategieprojekten},
 year = {1999},
 keywords = {Controlling;Betriebswirtschaftslehre},
 pages = {129--134},
 volume = {11},
 number = {4},
 adress ={MÃ¼nchen},
 booktitle = {Controlling Zeitschrift f{\"u}r erfolgsorientierte Unternehmenssteuerung}
}


@book{Gubbels2006,
 author = {Gubbels, Holger},
 year = {2006},
 title = {SAP R/3 - Praxishandbuch Projektmanagement: SAP R/3 als Werkzeug f{\"u}r professionelles Projektmanagement},
 address = {Wiesbaden},
 edition = {1.},
 publisher = {Vieweg},
 isbn = {3-8348-0065-1}
}


@book{Kunz2007,
 author = {Kunz, Christian},
 year = {2007},
 title = {Strategisches Multiprojektmanagement: Konzeption, Methoden und Strukturen},
 address = {Wiesbaden},
 edition = {2.},
 publisher = {Deutscher Universit{\"a}ts-Verlag},
 isbn = {978-3-8350-0915-8}
}


@book{Kuster&Huber2011,
 author = {Kuster, J{\"u}rg and Huber, Eugen and Lippmann, Robert and Schmid, Alphons and Schneider, Emil and Witschi, Urs and W{\"u}st, Roger},
 year = {2011},
 title = {Handbuch Projektmanagement},
 address = {Berlin and Heidelberg},
 publisher = {Springer-Verlag Berlin Heidelberg},
 isbn = {978-3-642-21242-0}
}


@book{Litke2007,
 author = {Litke, Hans-Dieter},
 year = {2007},
 title = {Projektmanagement: Methoden, Techniken, Verhaltensweisen, evolution{\"a}res Projektmanagement},
 address = {M{\"u}nchen},
 edition = {5.},
 publisher = {Hanser},
 isbn = {978-3-446-40997-2}
}


@book{Luschow&Zitzke2004,
 author = {L{\"u}schow, Frank and Zitzke, Elke},
 year = {2004},
 title = {Projektleitung: Alle Rollen souver{\"a}n meistern ; Steuermann, Antreiber, Seelentr{\"o}ster und mehr},
 address = {M{\"u}nchen  and  and Wien},
 publisher = {Hanser},
 isbn = {3-446-22823-3}
}


@book{Madauss2000,
 author = {Madauss, Bernd J.},
 year = {2000},
 title = {Handbuch Projektmanagement: Mit Handlungsanleitungen f{\"u}r Industriebetriebe, Unternehmensberater und Beh{\"o}rden},
 keywords = {Projektmanagement;Industriebetrieb;Unternehmensberatung;Beh{\"o}rde},
 address = {Stuttgart},
 edition = {6.},
 publisher = {Sch{\"a}ffer-Poeschel},
 isbn = {9783791015187}
}


@book{Mosley&Megginson&Pietri1985,
 author = {Mosley, Donald C. and Megginson, Leon C. and Pietri, Paul H.},
 year = {1985},
 title = {Supervisory management. The art of working with and through people},
 address = {Cincinnati},
 publisher = {South-Western Publ},
 isbn = {0538076607}
}


@book{Pufahl2006,
 author = {Pufahl, Mario},
 year = {2006},
 title = {Vertriebscontrolling: So steuern Sie Absatz, Umsatz und Gewinn},
 address = {Wiesbaden},
 edition = {2.},
 publisher = {Gabler},
 isbn = {3834903590}
}


@article{Urli&Terrien2010,
 abstract = {Today, more and more companies are moving towards a project-oriented way of managing their businesses. It sets certain challenges to companies. How to make sure that the selected projects are implementing the strategy of the company? Are the scarce resources (financial, human capital) allocated to the right projects? Which projects to select, which projects to pursue and which to kill? Project portfolio management tackles these problems and has become an important topic in recent years. Nevertheless, different empirical studies highlighted the fact that these models are not used in practice. We propose an approach based on the generation of efficient portfolios by the metaheuristic SSPMO 1 and on an 'objective' analysis of these portfolios in order to make good recommendation to the portfolio committee or the decision makers. [ABSTRACT FROM AUTHOR]},
 author = {Urli, Bruno and Terrien, Francois},
 year = {2010},
 title = {Project portfolio selection model, a realistic approach},
 keywords = {PORTFOLIO management (Investments);PROJECT management;RESOURCE allocation;BUSINESS planning;CAPITAL budget;EMPIRICAL research;ECONOMIC aspects;frequency analysis;metaheuristic;project portfolio selection},
 pages = {809--826},
 volume = {17},
 number = {6},
 issn = {09696016},
 journal = {International Transactions in Operational Research}
}


@book{Wegmann&Winklbauer2006,
 author = {Wegmann, Christoph and Winklbauer, Holger},
 year = {2006},
 title = {Projektmanagement f{\"u}r Unternehmensberatungen: Mit Beispielen aus dem Inhouse Consulting von Deutsche Post World Net},
 address = {Wiesbaden},
 edition = {1.},
 publisher = {Gabler},
 isbn = {3-8349-0295-0}
}


@book{Wischnewski1991,
 author = {Wischnewski, Erik},
 year = {1991},
 title = {Modernes Projektmanagement: Eine Anleitung zur effektiven Unterst{\"u}tzung der Planung, Durchf{\"u}hrung und Steuerung von Projekten},
 address = {Braunschweig},
 publisher = {Vieweg},
 isbn = {3528051485}
}


@book{Zimmermann&Rieck&Stark2006,
 author = {Zimmermann, J{\"u}rgen and Rieck, Julia and Stark, Christoph},
 year = {2006},
 title = {Projektplanung: Modelle, Methoden, Management ; mit 80 Tabellen},
 address = {Berlin [u.a.]},
 publisher = {Springer},
 isbn = {3540284133}
}

@book{Weissenberger2007,
 author = {Weissenberger, Barbara E.},
 year = {2007},
 title = {IFRS f{\"u}r Controller: Einf{\"u}hrung, Anwendung, Fallbeispiele ; [alles, was Controller {\"u}ber IFRS wissen m{\"u}ssen ; Einf{\"u}hrung, Leitlinien, Fallbeispiele, Praxisberichte ; auf CD-ROM: IFRS-Guide f{\"u}r Controller]},
 keywords = {Controlling;International Financial Reporting Standards},
 address = {Freiburg [Breisgau]  and  and Berlin and M{\"u}nchen [i.e. ] Planegg},
 publisher = {Haufe-Mediengruppe},
 isbn = {3448068187}
}


@book{Steinmann&Schreyogg2000,
 author = {Steinmann, Horst and Schrey{\"o}gg, Georg},
 year = {2000},
 title = {Management: Grundlagen der Unternehmensf{\"u}hrung ; Konzepte - Funktionen - Fallstudien},
 address = {Wiesbaden},
 edition = {4},
 publisher = {Gabler},
 isbn = {3409433120},
 series = {Gabler-Lehrbuch}
}

@book{kaplan1997,

  title={Balanced Scorecard: Strategien erfolgreich umsetzen},

  author={Kaplan, R.S. and Norton, D.P. and Horv{\'a}th, P.},

  isbn={9783791012032},
  series={Handelsblatt-B{\"u}cher},

  url={http://books.google.de/books?id=2Bx8AAAACAAJ},

  year={1997},

  publisher={Sch{\"a}ffer-Poeschel}

}


@book{Platz&Schmelzer1986,
 author = {Platz, Jochen and Schmelzer, Hermann J.},
 year = {1986},
 title = {Projektmanagement in der industriellen Forschung und Entwicklung: Einf{\"u}hrung anhand von Beispielen aus der Informationstechnik},
 keywords = {Industrial project management;Research, Industrial},
 address = {Berlin and New York},
 publisher = {Springer-Verlag},
 isbn = {0387171088}
}
@book{Zimmermann&Rieck&Stark2006,
 author = {Zimmermann, J{\"u}rgen and Rieck, Julia and Stark, Christoph},
 year = {2006},
 title = {Projektplanung: Modelle, Methoden, Management ; mit 80 Tabellen},
 address = {Berlin [u.a.]},
 publisher = {Springer},
 isbn = {3540284133}
}





@book{Blazek2001,
 author = {Blazek, Alfred},
 year = {2001},
 title = {Projekt-Controlling: Das Projekt als Unternehmen in der Unternehmung},
 keywords = {Projektcontrolling},
 address = {Offenburg},
 volume = {6},
 publisher = {VCW},
 isbn = {3-7775-0256-1},
 series = {Controlling pockets}
}


@article{Drews&Hillebrand2007,
 author = {Drews, G{\"u}nter and Hillebrand, Norbert},
 year = {2007},
 title = {Lexikon der Projektmanagement-Methoden},
 keywords = {Projektmanagement;Methode},
 journal = {Lexikon der Projektmanagement-Methoden}
}


@book{8,
 year = {2008},
 title = {Internationale Rechnungslegung und internationales Controlling: Herausforderungen - Handlungsfelder - Erfolgspotenziale},
 address = {Wiesbaden},
 edition = {1},
 publisher = {Gabler},
 isbn = {978-3-8349-0251-1},
 editor = {Funk, Wilfried}
}


@misc{12,
 title = {SAP R/3 Finanzwesen {\&} Controlling, Neues Hauptbuch - E-Bilanz - BW - SEPA - SAP Query - FICO Zertifizierung},
 url = {http://fico-forum.de/},
 urldate = {15.09.2012}
}


@book{10,
 title = {Produktionscontrolling und -management mit SAP ERP},
 address = {Wiesbaden},
 edition = {3},
 publisher = {Vieweg + Teubner},
 isbn = {978-3-8348-0376-4}
}


@book{Baetge&Lachnit2008,
 author = {Baetge, J{\"o}rg and Lachnit, Laurenz},
 year = {2008},
 title = {Controlling und Rechnungslegung: Aktuelle Entwicklungen in Wissenschaft und Praxis ; Laurenz Lachnit zum 65. Geburtstag},
 address = {Wiesbaden},
 edition = {1},
 publisher = {Gabler},
 isbn = {978-3-8349-0424-9}
}


@book{Friedl&Hilz&Pedell2008,
 author = {Friedl, Gunther and Hilz, Christian and Pedell, Burkhard},
 year = {2008},
 title = {Controlling mit SAP: Eine praxisorientierte Einf{\"u}hrung ; umfassende Fallstudie ; beispielhafte Anwendungen},
 address = {Wiesbaden},
 edition = {5},
 publisher = {Vieweg},
 isbn = {978-3-8348-0419-8}
}


@book{Hefner&Dittmar2001,
 author = {Hefner, Sabine and Dittmar, Michael},
 year = {2001},
 title = {SAP-R-3-Finanzwesen},
 address = {M{\"u}nchen [u.a.]},
 edition = {[Release 4.6]},
 publisher = {Addison-Wesley},
 isbn = {3-8273-1699-5}
}


@book{Jacob&Doeffinger2008,
 author = {Jacob, Olaf and Doeffinger, Dieter},
 year = {2008},
 title = {ERP Value: Signifikante Vorteile mit ERP-Systemen: voll das gute Buch},
 address = {Berlin},
 publisher = {Springer},
 isbn = {978-3-540-74439-9}
}


@book{Jandt&FalkKalms2008,
 author = {Jandt, J{\"u}rgen and Falk-Kalms, Ellen},
 year = {2008},
 title = {Investitionsmanagement mit SAP: SAP ERP central component anwendungsnah ; mit durchg{\"a}ngigem Fallbeispiel und Customizing ; f{\"u}r Studierende und Praktiker ; [mit Online-Service zum Buch]},
 address = {Wiesbaden},
 edition = {1},
 publisher = {Vieweg},
 isbn = {978-3-8348-0267-5}
}


@article{Maassen&Frick2006,
 author = {Maassen, Andr{\'e} and Frick, Detlev and Gadatsch, Andreas and Schoenen, Markus},
 year = {2006},
 title = {Grundkurs SAP R/3{\circledR}: Lern- und Arbeitsbuch mit durchgehendem Fallbeispiel -- Konzepte, Vorgehensweisen und Zusammenh{\"a}nge mit Gesch{\"a}ftsprozessen},
 journal = {Grundkurs SAP R/3}
}


@book{Muller2006,
 author = {M{\"u}ller, Martin},
 year = {2006},
 title = {Harmonisierung des externen und internen Rechnungswesens: Eine empirische Untersuchung},
 address = {Wiesbaden},
 edition = {1},
 publisher = {Dt. Univ.-Verl.},
 isbn = {3-8350-0452-2}
}


@book{Schuler2006,
 author = {Sch{\"u}ler, Mirja},
 year = {2006},
 title = {Einf{\"u}hrung in das betriebliche Rechnungswesen: Buchf{\"u}hrung f{\"u}r Industrie- und Handelsbetriebe},
 address = {Heidelberg},
 publisher = {Physica-Verlag Heidelberg},
 isbn = {3-7908-1677-9}
}


@misc{Wikipedia,
 abstract = {Rechnungswesen

(engl. Financials)

    FI: Finanzwesen (engl. Financial Accounting) Rechnungswesen
        FI-GL: Hauptbuchhaltung (engl. General Ledger Accounting)
        FI-AP: Kreditorenbuchhaltung (engl. Accounts Payable)
        FI-AR: Debitorenbuchhaltung (engl. Accounts Receivable)
        FI-BL: Bankbuchhaltung (engl. Bank Accounting)
        FI-AA: Anlagenbuchhaltung (engl. Asset Accounting)
        FI-CA: Vertragskontokorrent (engl. Contract Accounting)
        FI-LC: Konsolidierung (engl. Legal Consolidation)
        FI-SL: Spezielle Ledger (engl. Special Purpose Ledger)
        FI-TV: Reisemanagement (engl. Travel Management)
    CO: Controlling (Kostenrechnung)
        CO-OM: Gemeinkostenrechnung (engl. Overhead Cost Management)
        CO-PC: Kostentr{\"a}gerrechnung (engl. Product Costing)
        CO-OM-CEL: Kostenartenrechnung (engl. Cost Element Ledger)
        CO-OM-CCA: Kostenstellenrechnung (engl. Cost Center Accounting)
        CO-OM-OPA: Gemeinkostenauftr{\"a}ge und Projekte (engl. Overhead Orders and Projects Accounting)
        CO-OM-ABC: Prozesskostenrechnung (engl. Activity Based Costing)
        CO-PA: Ergebnis- und Marktsegmentrechnung (engl. Profitability Analysis)
        EC-PCA: Unternehmenscontrolling, Profit Center Rechnung (engl. Enterprise Controlling, Profit Center Accounting)
        EC-CS: Unternehmenscontrolling, Konsolidierungssystem (engl. Enterprise Controlling, Consolidation System)

Der Applikationskern mit den Finanzmodulen FI und CO beinhaltet in SAP ERP einige neue Funktionen. Dazu z{\"a}hlen:

    das neue Hauptbuch (engl. New General Ledger)
    ein Abstimmungstool f{\"u}r Intercompany-Gesch{\"a}fte
    das Closing Cockpit
    FSCM Credit Management
    FSCM Dispute Management
    FSCM Collections Management
    FSCM Biller Direct

Im Detail gab es viele Erweiterungen in bekannten Bereichen wie z.B. der Anlagenbuchhaltung, wo der Abschreibungslauf und periodische Bestandsbucher bez{\"u}glich der Performance optimiert worden sind. Bei einem Wechsel sollen mit der Extension-Set-Technik Neuerungen von den Kunden einzeln eingeschaltet werden k{\"o}nnen. Gekapselte Neuerungen, wie z.B. das neue Hauptbuch, sind zwar technisch vorhanden, aber inaktiv. (Quelle: ISBN 3-89842-746-3, mySAP ERP Financials (SAP PRESS))

    SEM: Unternehmenscontrolling (engl. Strategic Enterprise Management)
        SEM-BCS: Business Consolidation
        SEM-BPS: Business Planning and Simulation
        SEM-CPM: Corporate Performance Monitor
        SEM-SRM: Stakeholder Relationship Management
        SEM-BIC: Business Information Collection
    EC: Unternehmenscontrolling (engl. Enterprise Controlling) (darunter EC-PCA Profit-Center-Rechnung)
    IM: Investitionsmanagement (engl. Investment Management)
    PSM: Haushaltsmanagement (engl. Public Sector Management)
    PS: Projektabwicklung (engl. Project System)
    RE: Immobilienmanagement (engl. Real Estate Management)
    TR: Finanzmanagement (engl. Treasury)},
 author = {Wikipedia},
 title = {SAP Rechnungswesen Module}
}



